@book{aho1972theory,
    author  = {Alfred V. Aho and Jeffrey D. Ullman},
    title   = {The Theory of Parsing, Translation and Compiling},
    year    = "1972",
    volume  = "1",
    publisher = {Prentice-Hall},
    address = {Englewood Cliffs, NJ}
}

@inproceedings{andrew2007scalable,
  title={Scalable training of {L1}-regularized log-linear models},
  author={Andrew, Galen and Gao, Jianfeng},
  booktitle={Proceedings of the 24th International Conference on Machine Learning},
  pages={33--40},
  year={2007},
}

@misc{mitchell2023detectgpt,
  title={DetectGPT: Zero-Shot Machine-Generated Text Detection using Probability Curvature},
  author={Mitchell, Eric and Lee, Yoonho and Khazatsky, Alexander and Manning, Christopher D. and Finn, Chelsea},
  year={2023},
  url={https://proceedings.mlr.press/v202/mitchell23a.html},
}

@article{bakhtin2020realorfake,
  title={Real or Fake? Learning to Discriminate Machine from Human Generated Text},
  author={Bakhtin, Anton and Gross, Sam and Ott, Myle and Deng, Yuntian and Ranzato, Marc'Aurelio and Szlam, Arthur},
  journal={IEEE Explore},
  year={2020},
  url={https://ieeexplore.ieee.org/abstract/document/10137767},
}

@article{mitrovic2023chatgpt,
  title={ChatGPT or Human? Detect and explain. Explaining Decisions of Machine Learning Model for Detecting Short ChatGPT-generated Text},
  author={MitroviÄ‡, Sandra and Andreoletti, Davide and Ayoub, Omran},
  year={2023},
  url={https://doi.org/10.48550/arXiv.2301.13852},
}

@misc{he2023mgtbench,
  title={MGTBench: Benchmarking Machine-Generated Text Detection},
  author={He, Xinlei and Shen, Xinyue and Chen, Zeyuan and Backes, Michael and Zhang, Yang},
  year={2023},
  note={Available online at arXiv},
}

